<record><leader>00000cas a22000007a 4500</leader><controlfield tag="001">23905508</controlfield><controlfield tag="008">910610d18uu18uuohuir ne      0    0eng d</controlfield><datafield ind1=" " ind2=" " tag="010"><subfield code="a">sn 91069673 </subfield></datafield><datafield ind1=" " ind2=" " tag="040"><subfield code="a">ONP</subfield><subfield code="b">eng</subfield><subfield code="c">ONP</subfield><subfield code="d">OCL</subfield><subfield code="d">OCLCQ</subfield><subfield code="d">OCLCF</subfield><subfield code="d">OCLCO</subfield></datafield><datafield ind1=" " ind2=" " tag="042"><subfield code="a">msc</subfield></datafield><datafield ind1=" " ind2=" " tag="043"><subfield code="a">n-us-oh</subfield></datafield><datafield ind1="0" ind2="4" tag="245"><subfield code="a">The Tri-weekly Springfield news and republic.</subfield></datafield><datafield ind1="3" ind2="0" tag="246"><subfield code="a">Triweekly Springfield news and republic</subfield></datafield><datafield ind1=" " ind2=" " tag="260"><subfield code="a">Springfield, Clarke [Clark] County, Ohio :</subfield><subfield code="b">[s.n.]</subfield></datafield><datafield ind1=" " ind2=" " tag="300"><subfield code="a">v.</subfield></datafield><datafield ind1=" " ind2=" " tag="310"><subfield code="a">Triweekly</subfield></datafield><datafield ind1=" " ind2=" " tag="588"><subfield code="a">Description based on: Vol. 26, no. 36 (Feb. 15, 1865).</subfield></datafield><datafield ind1=" " ind2="0" tag="651"><subfield code="a">Springfield (Ohio)</subfield><subfield code="v">Newspapers.</subfield></datafield><datafield ind1=" " ind2="0" tag="651"><subfield code="a">Clark County (Ohio)</subfield><subfield code="v">Newspapers.</subfield></datafield><datafield ind1=" " ind2="7" tag="655"><subfield code="a">Newspapers.</subfield><subfield code="2">fast</subfield><subfield code="0">(OCoLC)fst01423814</subfield></datafield><datafield ind1=" " ind2="7" tag="651"><subfield code="a">Ohio</subfield><subfield code="z">Clark County.</subfield><subfield code="2">fast</subfield><subfield code="0">(OCoLC)fst01206462</subfield></datafield><datafield ind1=" " ind2="7" tag="651"><subfield code="a">Ohio</subfield><subfield code="z">Springfield.</subfield><subfield code="2">fast</subfield><subfield code="0">(OCoLC)fst01219897</subfield></datafield><datafield ind1=" " ind2=" " tag="752"><subfield code="a">United States</subfield><subfield code="b">Ohio</subfield><subfield code="c">Clark</subfield><subfield code="d">Springfield.</subfield></datafield><datafield ind1="0" ind2=" " tag="775"><subfield code="t">Weekly news and republic</subfield><subfield code="w">(DLC)sn 85026266</subfield></datafield><datafield ind1="0" ind2="0" tag="780"><subfield code="t">Springfield republic (Springfield, Ohio : 1852)</subfield><subfield code="w">(DLC)sn 85026265</subfield></datafield><datafield ind1="0" ind2="0" tag="785"><subfield code="t">Springfield tri-weekly republic (Springfield, Ohio : 1866)</subfield><subfield code="w">(DLC)sn 87076992</subfield></datafield></record>